<record><leader>00000nas a2200000 i 4500</leader><controlfield tag="001">870310499</controlfield><controlfield tag="007">hd afu---baca</controlfield><controlfield tag="007">hd bfu---baaa</controlfield><controlfield tag="008">140211u200uuuuudcuw| n a     0    0fre  </controlfield><datafield ind1=" " ind2=" " tag="010"><subfield code="a">  2013271931</subfield></datafield><datafield ind1=" " ind2=" " tag="040"><subfield code="a">DLC</subfield><subfield code="b">eng</subfield><subfield code="e">rda</subfield><subfield code="c">DLC</subfield></datafield><datafield ind1=" " ind2=" " tag="042"><subfield code="a">pcc</subfield></datafield><datafield ind1=" " ind2=" " tag="043"><subfield code="a">f-tg---</subfield></datafield><datafield ind1="0" ind2="0" tag="050"><subfield code="a">Newspaper</subfield></datafield><datafield ind1="0" ind2="3" tag="245"><subfield code="a">Le miroir du peuple.</subfield></datafield><datafield ind1=" " ind2="1" tag="264"><subfield code="a">Washington, DC :</subfield><subfield code="b">Library of Congress Preservation Microfilming Program</subfield></datafield><datafield ind1=" " ind2=" " tag="300"><subfield code="a">microfilm reels :</subfield><subfield code="b">illustrations ;</subfield><subfield code="c">42 cm.</subfield></datafield><datafield ind1=" " ind2=" " tag="310"><subfield code="a">Weekly</subfield></datafield><datafield ind1=" " ind2=" " tag="336"><subfield code="a">text</subfield><subfield code="b">txt</subfield><subfield code="2">rdacontent</subfield></datafield><datafield ind1=" " ind2=" " tag="337"><subfield code="a">microform</subfield><subfield code="b">h</subfield><subfield code="2">rdamedia</subfield></datafield><datafield ind1=" " ind2=" " tag="338"><subfield code="a">microfilm reel</subfield><subfield code="b">hd</subfield><subfield code="2">rdacarrier</subfield></datafield><datafield ind1=" " ind2=" " tag="500"><subfield code="a">"Hebdomadaire togolais d'information et d'analysis."</subfield></datafield><datafield ind1=" " ind2=" " tag="588"><subfield code="a">Description based on: No 003 (21 au 27 juin 2000); title from masthead.</subfield></datafield><datafield ind1=" " ind2=" " tag="588"><subfield code="a">Latest issue consulted: No 025 (27 Fev au 05 mars 2003).</subfield></datafield><datafield ind1=" " ind2="0" tag="651"><subfield code="a">Togo</subfield><subfield code="v">Newspapers.</subfield></datafield><datafield ind1=" " ind2="7" tag="651"><subfield code="a">Togo.</subfield><subfield code="2">fast</subfield><subfield code="0">(OCoLC)fst01208739</subfield></datafield><datafield ind1=" " ind2="7" tag="655"><subfield code="a">Newspapers.</subfield><subfield code="2">fast</subfield><subfield code="0">(OCoLC)fst01423814</subfield></datafield><datafield ind1=" " ind2=" " tag="752"><subfield code="a">Togo</subfield><subfield code="d">Lome&#769;.</subfield></datafield><datafield ind1="0" ind2="8" tag="776"><subfield code="i">Reproduction of (manifestation):</subfield><subfield code="t">Miroir du peuple</subfield><subfield code="d">Lome&#769;, Togo</subfield><subfield code="w">(DLC)  2010213388</subfield><subfield code="w">(OCoLC)652154468</subfield></datafield></record>